
@mastersthesis{musterbachelorarbeit2015,
  author       = {Maxime Musterfrau}, 
  title        = {{Musterarbeit zur Dauerhaltbarkeit von M8-Schraubenverbindungen}},
  school       = {Beispieluniversität},
  year         = 2015,
  address      = {Neandertal},
  month        = 7,
  note         = {Anmerkung: ich kenne gerade keine}
}

@manual{musterhandbuch2012,
  title        = {Wie ich meinen Betreuer zur Weißglut bringe!},
  author       = {Wut, Wilhelm}, 
  organization = {Dampfablasser Verein Deutschland},
  address      = {Azoren},
  edition      = 3,
  month        = 7,
  year         = 2012,
  note         = {Anmerkung: Nicht zur Nachahmung empfohlen!}
}

@MISC{DIN_EN_1995_1_1,
   type         = {Norm},
   key            = {DIN EN 1995-1-1:2012-12},
   number         = {DIN EN 1995-1-1},
   month         = dec,
   year         = {2012},
   title         = {Eurocode 5: {B}emessung und {K}onstruktion von {H}olzbauten - {T}eil 1-1: {A}llgemeines - {A}llgemeine {R}egeln und {R}egeln für den {H}ochbau},
}




@book{simulink2009,
	isbn = {978-3-486-58985-6}, 
	year = {2009}, 
	author = {Angermann, Anne and Beuschel, Michael and Rau, Martin and Wohlfarth, Ulrich}, 
	publisher = {Oldenbourg}, 
	title = {{MATLAB - Simulink - Stateflow}}, 
}



@MISC{MXcarkitSpec,
author = {Schuhwerk, Anita},
title = {{Spezifikationen MXcarkit}},
year = {2022},
note = {\url{https://mdynamix.de/mx-products/mx-carkits/mxcarkit-spezifikationen/}}
}

@MISC{ROS-Wiki,
author = {AmandaDattalo},
title = {ROS-Wiki},
year = 2018,
note = {\url{http://wiki.ros.org/ROS/Introduction}}
}

@MISC{VDI-adc-Regelwerk,
author = {VDI},
title = {VDI-adc Regelwerk v7},
year = 2022,
month = 02,
note = {\url{https://www.vdi-adc.de/fileadmin/sn_config/mediapool_vdi/bilder/bezirksverein/doc/VDI-ADC-Reglement_v7.pdf}
}}
